@article{dongrio1,
  author = {Waeijen, L. and She, D. and Corporaal, H. and He, Y.},
  title = {{SIMD Made Explicit}},
  school = {{Eindhoven University of Technology}},
  journal = {in Proceedings of the 13th International Conference on Embedded Computer Systems (SAMOS- XIII)},
  pages = {330-337},
  year = {2013}
}

@article{dongrio2,
  author = {She, D. and He, Y. and Waeijen, L. and Corporaal, H.},
  title = {{OpenCL Code Generation for Low Energy Wide SIMD Architectures With Explicit Datapath}},
  school = {{Eindhoven University of Technology}},
  journal = {in Proceedings of the 13th International Conference on Embedded Computer Systems (SAMOS- XIII)},
  pages = {322-329},
  year = {2013}
}

@article{simd,
  author = {He, Y. and Pu, Y. and Ye, Z. and Londono, S. and Kleihorst, R. and Abbo, A. and Corporaal, H.},
  title = {{Xetal-Pro: An Ultra Low Energy and High Throughput SIMD Processor}},
  school = {{Eindhoven University of Technology}},
  journal={in Design Automation Conference (DAC), 47th ACM/IEEE},
  pages = {543-548},
  year = {2010}
}

@misc{ra,
  author = {Hack, S. and Grund, D. and Goos, G.},
  title = {{Register allocation for programs in SSA-form}},
  school = {{University of Karlsruhe}},
  year = {2006}
}

@MASTERSTHESIS{tta,
  author = {Janssen, J.},
  title = {{Compiler Strategies for Transport Triggered Architectures}},
  school = {{Delft University of Technology}},
  year = {2001}
}

@misc{liu_zhenyuan,
  author = {Zhenyuan, L.},
  title = {{Code Generation of SIMD Architecture With Automatic Bypassing}},
  school = {{Eindhoven University of Technology}},
  year = {2016}
}

@misc{remove,
  author = {Roos, S.},
  title = {{Scheduling for ReMove and other partially connected architectures}},
  school = {{Delft University of Technology}},
  year = {2001}
}

@MASTERSTHESIS{tricore,
  author = {Erhardt, C.},
  title = {{Design and Implementation of a TriCore Backend for the LLVM Compiler Framework}},
  school = {{University of Erlangen-Nuremberg}},
  year = {2009}
}

@misc{llvm_strategy,
  author = {Lattner, C. and Adve, V.},
  title = {{The LLVM Instruction Set and Compilation Strategy}},
  school = {{University of Illinois at Urbana-Champaign}},
  year = {2002}
}

@BOOK{dragon_book,
  author = {Aho, A. and Lam, M. and Sethi, R. and Ullman, J.},
  title = {{Compilers: Principles, Techniques, \& Tools}},
  edition = {2},
  year = {2006},
  publisher = {Pearson Education},
}